<?xml version="1.0" encoding="UTF-8"?><collection xmlns="http://www.loc.gov/MARC21/slim"><record><leader>00418nam--2200145-i-4500</leader><controlfield tag="001">000017251</controlfield><controlfield tag="002">20161230</controlfield><controlfield tag="005">20161230201032</controlfield><controlfield tag="008">060222s1000------------r-----000-0-eng-d</controlfield><datafield ind1=" " ind2=" " tag="080"><subfield code="a">341.217(4):658</subfield></datafield><datafield ind1=" " ind2=" " tag="100"><subfield code="a">Barsacq, F.And Duhamel, M</subfield></datafield><datafield ind1=" " ind2=" " tag="245"><subfield code="a">Practical guide for preparing technology transfer contracts</subfield></datafield><datafield ind1=" " ind2=" " tag="260"><subfield code="a">Brussels, Commission Of The European Communities, 1993 36 P</subfield></datafield><datafield ind1=" " ind2=" " tag="490"><subfield code="a">14499</subfield></datafield><datafield ind1=" " ind2=" " tag="852"><subfield code="a">80193</subfield></datafield></record></collection>